
@ARTICLE{Xavier2025276,
	author = {Xavier, Kavin Francis and Kabirdoss, Devi and Seetharaman, Chandramouli and Mani, Kotteeswaran and Veeramani, Ganesan and Thiyagarajan, Vinoth Kumar Murali},
	title = {Monitoring the Manufacturing Operation Process Data through the Cloud Database},
	year = {2025},
	journal = {Journal of Advanced Research in Applied Sciences and Engineering Technology},
	volume = {50},
	number = {1},
	pages = {276 – 285},
	doi = {10.37934/araset.50.1.276285},
	url = {https://www.scopus.com/inward/record.uri?eid=2-s2.0-85202188995&doi=10.37934%2faraset.50.1.276285&partnerID=40&md5=f6293faf1563baf12fccdafb3200fec8},
	type = {Article},
	publication_stage = {Final},
	source = {Scopus},
	note = {Cited by: 0; All Open Access, Hybrid Gold Open Access}
}



@ARTICLE{Dzulkifly2025178,
	author = {Dzulkifly, Sumayyah and Seng, Wong Yoke and Yeh, Lee Hoi and Ibrahim, Abu Bakar and Zhiqiang, Song},
	title = {Pantas.io: Game-Based Learning to Cultivate Programming Skills for Primary School Students},
	year = {2025},
	journal = {Journal of Advanced Research in Applied Sciences and Engineering Technology},
	volume = {50},
	number = {1},
	pages = {178 – 190},
	doi = {10.37934/araset.50.1.178190},
	url = {https://www.scopus.com/inward/record.uri?eid=2-s2.0-85202204369&doi=10.37934%2faraset.50.1.178190&partnerID=40&md5=27c96408cb02a777fb177c155468a8f7},
	type = {Article},
	publication_stage = {Final},
	source = {Scopus},
	note = {Cited by: 0; All Open Access, Hybrid Gold Open Access}
}

@ARTICLE{Gómez-Baryolo2017,
	author = {Gómez-Baryolo, Oiner and Machado-Sosa, Alleiny and Cabrera-Mondeja, Alexis},
	title = {Integration architecture for distributed systems based on socket; [Arquitectura de integración basada en socket para sistemas distribuidos]},
	year = {2017},
	journal = {Espacios},
	volume = {38},
	number = {59},
	url = {https://www.scopus.com/inward/record.uri?eid=2-s2.0-85038101436&partnerID=40&md5=6fe5130530f523a510a367d77c590164},
	type = {Article},
	publication_stage = {Final},
	source = {Scopus},
	note = {Cited by: 0}
}


@ARTICLE{Martínez2021343,
	author = {Martínez, Jorge Tomás Fornerón and Agostini, Federico and La Red Martínez, David Luis},
	title = {Decision model for process and resource management in distributed systems with workload balancing; [Modelo de decisión para gestión de procesos y recursos en sistemas distribuidos con balanceo de carga de trabajo]},
	year = {2021},
	journal = {RISTI - Revista Iberica de Sistemas e Tecnologias de Informacao},
	volume = {2021},
	number = {E42},
	pages = {343 – 356},
	url = {https://www.scopus.com/inward/record.uri?eid=2-s2.0-85106993759&partnerID=40&md5=66d427982b1767dccb8462a50075a5c5},
	type = {Article},
	publication_stage = {Final},
	source = {Scopus},
	note = {Cited by: 0}
}

@ARTICLE{Azketa2021113,
	author = {Azketa, E. and Mendialdua, X. and Ibarguren, I. and Solís, A.},
	title = {Synchronization method for distributed systems with functional safety; [Método de sincronización para sistemas distribuidos con seguridad funcional]},
	year = {2021},
	journal = {RIAI - Revista Iberoamericana de Automatica e Informatica Industrial},
	volume = {18},
	number = {2},
	pages = {113 – 118},
	doi = {10.4995/RIAI.2020.14022},
	url = {https://www.scopus.com/inward/record.uri?eid=2-s2.0-85105296995&doi=10.4995%2fRIAI.2020.14022&partnerID=40&md5=c7b090dc33fc178444da4001876e0441},
	type = {Article},
	publication_stage = {Final},
	source = {Scopus},
	note = {Cited by: 0; All Open Access, Gold Open Access, Green Open Access}
}

@CONFERENCE{Caram2012119,
	author = {Caram, Facundo and Proto, Araceli and Merlino, Hernán and García-Martínez, Ramón},
	title = {Study of the processing capacity of distributed systems using the Ising model; [Estudio de capacidad de procesamiento de sistemas distribuidos utilizando el modelo de ising]},
	year = {2012},
	journal = {IX Jornadas Iberoamericanas de Ingenieria de Software e Ingenieria del Conocimiento 2012, JIISIC 2012},
	pages = {119 – 126},
	url = {https://www.scopus.com/inward/record.uri?eid=2-s2.0-84883635608&partnerID=40&md5=6324677363d8770558a1e730211a200a},
	type = {Conference paper},
	publication_stage = {Final},
	source = {Scopus},
	note = {Cited by: 0}
}

@ARTICLE{Castro2007170,
	author = {Castro, José Lisandro Aguilar and Matos, Rodolfo Leonardo Sumoza},
	title = {Cache memory coherence protocol for distributed systems; [Protocolo de coherencia de memoria cache para sistemas distribuidos]},
	year = {2007},
	journal = {Revista Tecnica de la Facultad de Ingenieria Universidad del Zulia},
	volume = {30},
	number = {2},
	pages = {170 – 178},
	url = {https://www.scopus.com/inward/record.uri?eid=2-s2.0-47749154791&partnerID=40&md5=dfb61f3e417ee16c5a8338206b92f35a},
	type = {Article},
	publication_stage = {Final},
	source = {Scopus},
	note = {Cited by: 0}
}

@ARTICLE{AguilarCastro1997203,
	author = {Aguilar Castro, José Lisandro and Kloul, Leila},
	title = {Study of the task assignment problem in the Distributed Systems: Cost functions and resolution methods; [Estudio del problema de asignación de tareas en los sistemas distribuidos: Funciones de costo y métodos de resolución]},
	year = {1997},
	journal = {Revista Tecnica de la Facultad de Ingenieria Universidad del Zulia},
	volume = {20},
	number = {3},
	pages = {203 – 213},
	url = {https://www.scopus.com/inward/record.uri?eid=2-s2.0-0031327066&partnerID=40&md5=a7347c4dff554d47a1521eb82165f44f},
	type = {Article},
	publication_stage = {Final},
	source = {Scopus},
	note = {Cited by: 2}
}

@ARTICLE{Zou2024,
	author = {Zou, Yifei and Yang, Li and Jing, Guanlin and Zhang, Ruirui and Xie, Zhenzhen and Li, Huiqun and Yu, Dongxiao},
	title = {A survey of fault tolerant consensus in wireless networks},
	year = {2024},
	journal = {High-Confidence Computing},
	volume = {4},
	number = {2},
	doi = {10.1016/j.hcc.2024.100202},
	url = {https://www.scopus.com/inward/record.uri?eid=2-s2.0-85188929464&doi=10.1016%2fj.hcc.2024.100202&partnerID=40&md5=95d36ac1cdae2408ba083eeef961f4d3},
	type = {Review},
	publication_stage = {Final},
	source = {Scopus},
	note = {Cited by: 2; All Open Access, Gold Open Access}
}

@ARTICLE{Rao20241026,
	author = {Rao, Jian and Han, Xinyun},
	title = {Analysis on the Application of Ecological Environment Protection System under Blockchain Technology},
	year = {2024},
	journal = {Frontiers in Artificial Intelligence and Applications },
	volume = {384},
	pages = {1026 – 1035},
	doi = {10.3233/FAIA240105},
	url = {https://www.scopus.com/inward/record.uri?eid=2-s2.0-85189747262&doi=10.3233%2fFAIA240105&partnerID=40&md5=ad1749d035ed8017003875802a3fbab2},
	type = {Conference paper},
	publication_stage = {Final},
	source = {Scopus},
	note = {Cited by: 0; All Open Access, Hybrid Gold Open Access}
}

@ARTICLE{Huang2024853,
	author = {Huang, Tao and Xie, Renchao and Ren, Yuzheng and Yu, F. Richard and Zou, Zhuang and Han, Lu and Liu, Yunjie and Cheng, Demin and Li, Yinan and Liu, Tian},
	title = {DTAIS: Distributed trusted active identity resolution systems for the Industrial Internet},
	year = {2024},
	journal = {Digital Communications and Networks},
	volume = {10},
	number = {4},
	pages = {853 – 862},
	doi = {10.1016/j.dcan.2023.06.006},
	url = {https://www.scopus.com/inward/record.uri?eid=2-s2.0-85199479216&doi=10.1016%2fj.dcan.2023.06.006&partnerID=40&md5=55e61ccd392a9d451cedaa1ee9e0d817},
	type = {Article},
	publication_stage = {Final},
	source = {Scopus},
	note = {Cited by: 1; All Open Access, Gold Open Access}
}

@ARTICLE{Aggarwal2024854,
	author = {Aggarwal, Alok and Singh, Vinay},
	title = {Migration aspects from monolith to distributed systems using software code build and deployment time and latency perspective},
	year = {2024},
	journal = {Telkomnika (Telecommunication Computing Electronics and Control)},
	volume = {22},
	number = {4},
	pages = {854 – 860},
	doi = {10.12928/TELKOMNIKA.v22i4.25655},
	url = {https://www.scopus.com/inward/record.uri?eid=2-s2.0-85197172726&doi=10.12928%2fTELKOMNIKA.v22i4.25655&partnerID=40&md5=49e47ea3a6f7f08d9a1b99dbe97382be},
	type = {Article},
	publication_stage = {Final},
	source = {Scopus},
	note = {Cited by: 0}
}

@ARTICLE{Saini2024,
	author = {Saini, Shyam Sunder and Sharma, Lalit Sen},
	title = {Investigation of the HTTP Live Streaming Media Protocol's (HLS) Adaptability and Performance},
	year = {2024},
	journal = {Journal of The Institution of Engineers (India): Series B},
	doi = {10.1007/s40031-024-01132-w},
	url = {https://www.scopus.com/inward/record.uri?eid=2-s2.0-85201435599&doi=10.1007%2fs40031-024-01132-w&partnerID=40&md5=53857b82f7593cfd7c9bb53783f4bd7f},
	type = {Article},
	publication_stage = {Article in press},
	source = {Scopus},
	note = {Cited by: 0}
}

@ARTICLE{Li20241827,
	author = {Li, Jia and Moeini, Behrad and Nejati, Shiva and Sabetzadeh, Mehrdad and McCallen, Michael},
	title = {A Lean Simulation Framework for Stress Testing IoT Cloud Systems},
	year = {2024},
	journal = {IEEE Transactions on Software Engineering},
	volume = {50},
	number = {7},
	pages = {1827 – 1851},
	doi = {10.1109/TSE.2024.3402157},
	url = {https://www.scopus.com/inward/record.uri?eid=2-s2.0-85194065908&doi=10.1109%2fTSE.2024.3402157&partnerID=40&md5=711f9602884422a28e84b7d88cdef5b6},
	type = {Article},
	publication_stage = {Final},
	source = {Scopus},
	note = {Cited by: 0; All Open Access, Green Open Access}
}

@ARTICLE{Terencio2023154,
	author = {Terencio, Nathanael and Wella and Sony, Antonius},
	title = {Enhancing MySQL Database Security with MySQL Enterprise Transparent Data Encryption},
	year = {2023},
	journal = {Journal of Logistics, Informatics and Service Science},
	volume = {10},
	number = {4},
	pages = {154 – 173},
	doi = {10.33168/JLISS.2023.0411},
	url = {https://www.scopus.com/inward/record.uri?eid=2-s2.0-85176795131&doi=10.33168%2fJLISS.2023.0411&partnerID=40&md5=27e8e86355774fd053fcc1b53d586b37},
	type = {Article},
	publication_stage = {Final},
	source = {Scopus},
	note = {Cited by: 0; All Open Access, Bronze Open Access}
}